@article{rose1976algorithmic,
  title={Algorithmic aspects of vertex elimination on graphs},
  author={Rose, Donald J and Tarjan, R Endre and Lueker, George S},
  journal={SIAM Journal on computing},
  volume={5},
  number={2},
  pages={266--283},
  year={1976},
  publisher={SIAM}
}
@article{lekkerkerker1962representation,
  title={Representation of a finite graph by a set of intervals on the real line},
  author={Lekkerkerker, C and Boland, J},
  journal={Fundamenta Mathematicae},
  volume={51},
  number={1},
  pages={45--64},
  year={1962}
}
@article{lindzey2016linear,
  title={Linear-Time Algorithms for Finding Tucker Submatrices and Lekkerkerker--Boland Subgraphs},
  author={Lindzey, Nathan and McConnell, Ross M},
  journal={SIAM Journal on Discrete Mathematics},
  volume={30},
  number={1},
  pages={43--69},
  year={2016},
  publisher={SIAM}
}
@article{booth1976testing,
  title={Testing for the consecutive ones property, interval graphs, and graph planarity using PQ-tree algorithms},
  author={Booth, Kellogg S and Lueker, George S},
  journal={Journal of Computer and System Sciences},
  volume={13},
  number={3},
  pages={335--379},
  year={1976},
  publisher={Elsevier}
}
@inproceedings{dirac1961rigid,
  title={On rigid circuit graphs},
  author={Dirac, Gabriel Andrew},
  booktitle={Abhandlungen aus dem Mathematischen Seminar der Universit{\"a}t Hamburg},
  volume={25},
  number={1},
  pages={71--76},
  year={1961},
  organization={Springer}
}
@article{habib2000lex,
  title={Lex-BFS and partition refinement, with applications to transitive orientation, interval graph recognition and consecutive ones testing},
  author={Habib, Michel and McConnell, Ross and Paul, Christophe and Viennot, Laurent},
  journal={Theoretical Computer Science},
  volume={234},
  number={1},
  pages={59--84},
  year={2000},
  publisher={Elsevier}
}
@article{corneil2009lbfs,
  title={The LBFS structure and recognition of interval graphs},
  author={Corneil, Derek G and Olariu, Stephan and Stewart, Lorna},
  journal={SIAM Journal on Discrete Mathematics},
  volume={23},
  number={4},
  pages={1905--1953},
  year={2009},
  publisher={SIAM}
}
@article{fulkerson1965incidence,
  title={Incidence matrices and interval graphs},
  author={Fulkerson, Delbert and Gross, Oliver},
  journal={Pacific journal of mathematics},
  volume={15},
  number={3},
  pages={835--855},
  year={1965},
  publisher={Mathematical Sciences Publishers}
}
@book{golumbic2004algorithmic,
  title={Algorithmic graph theory and perfect graphs},
  author={Golumbic, Martin Charles},
  volume={57},
  year={2004},
  publisher={Elsevier}
}
@article{tucker1972structure,
  title={A structure theorem for the consecutive 1's property},
  author={Tucker, Alan},
  journal={Journal of Combinatorial Theory, Series B},
  volume={12},
  number={2},
  pages={153--162},
  year={1972},
  publisher={Elsevier}
}
@inproceedings{mcconnell2009linear,
  title={Linear-time recognition of probe interval graphs},
  author={McConnell, Ross M and Nussbaum, Yahav},
  booktitle={European Symposium on Algorithms},
  pages={349--360},
  year={2009},
  organization={Springer}
}
@article{gilmore1964characterization,
  title={A characterization of comparability graphs and of interval graphs},
  author={Gilmore, Paul C and Hoffman, Alan J},
  journal={Canadian Journal of Mathematics},
  volume={16},
  pages={539--548},
  year={1964},
  publisher={Cambridge University Press}
}